%% This BibTeX bibliography file was created using BibDesk.
%% http://bibdesk.sourceforge.net/


%% Created for Lauro Cesar Araujo at 2013-08-21 10:57:09 -0300 


%% Saved with string encoding Unicode (UTF-8) 

@BOOK{DUMMY:1,
AUTHOR="John Doe",
TITLE="The Book without Title",
PUBLISHER="Dummy Publisher",
YEAR="2100",
}

@article{bourdieu1986forms,
  title={The forms of capital Handbook of theory and research for the sociology of education (pp. 241--258)},
  author={Bourdieu, Pierre},
  journal={R.(1974). The Power Broker: Robert Moses and the Fall of New York},
  year={1986}
}

@book{saviani2007historia,
  title={Hist{\'o}ria das ideias pedag{\'o}gicas no Brasil},
  author={Saviani, Dermeval},
  year={2011},
  publisher={Autores Associados}
}

@article{educaccao1996lei,
  title={Lei de Diretrizes e Bases da Educa{\c{c}}{\~a}o Nacional},
  author={Educa{\c{c}}{\~a}o, Da},
  journal={Lei N{\textordmasculine}9394},
  volume={20},
  year={1996}
}

@article{figueiredo2014igualdade,
  title={Igualdade de Oportunidades: Analisando o papel das circunst{\^a}ncias no desempenho do ENEM},
  author={Figueir{\^e}do, Erik and Nogueiray, Lauro and Santanaz, Fernanda Leite},
  journal={Revista Brasileira de Economia},
  volume={68},
  number={3},
  pages={373--392},
  year={2014},
  publisher={SciELO Brasil}
}

@article{nascimento2018pursuit,
  title={A pursuit for physics questions from ENEM less associated with socioeconomic status},
  author={Nascimento, Matheus Monteiro and Cavalcanti, Cl{\'a}udio and Ostermann, Fernanda},
  journal={Revista Brasileira de Ensino de F{\'\i}sica},
  volume={40},
  number={3},
  year={2018},
  publisher={SciELO Brasil}
}
